@article{cbmc-paper,
  author = {Daniel Kroening and Peter Schrammel and Michael Tautschnig},
  title = {{CBMC:} The {C} Bounded Model Checker},
  journal = {CoRR},
  volume = {abs/2302.02384},
  year = {2023},
  url = {https://doi.org/10.48550/arXiv.2302.02384},
  doi = {10.48550/ARXIV.2302.02384},
  eprinttype = {arXiv},
  eprint = {2302.02384},
  timestamp = {Fri, 10 Feb 2023 12:26:39 +0100},
  biburl = {https://dblp.org/rec/journals/corr/abs-2302-02384.bib},
  bibsource = {dblp computer science bibliography, https://dblp.org},
}

@inproceedings{tacas-2004,
  author = {Edmund M. Clarke and Daniel Kroening and Flavio Lerda},
  editor = {Kurt Jensen and Andreas Podelski},
  title = {A Tool for Checking {ANSI-C} Programs},
  booktitle = {Tools and Algorithms for the Construction and Analysis of Systems
               , 10th International Conference, {TACAS} 2004, Held as Part of the
               Joint European Conferences on Theory and Practice of Software, {
               ETAPS} 2004, Barcelona, Spain, March 29 - April 2, 2004,
               Proceedings},
  series = {Lecture Notes in Computer Science},
  volume = {2988},
  pages = {168--176},
  publisher = {Springer},
  year = {2004},
  url = {https://doi.org/10.1007/978-3-540-24730-2\_15},
  doi = {10.1007/978-3-540-24730-2\_15},
  timestamp = {Tue, 14 May 2019 10:00:53 +0200},
  biburl = {https://dblp.org/rec/conf/tacas/ClarkeKL04.bib},
  bibsource = {dblp computer science bibliography, https://dblp.org},
}

@misc{cbmc-website,
  author = {Daniel Kroening},
  title = {CBMC Bounded Model Checking for C},
  howpublished = {\url{https://www.cprover.org/cbmc/}},
  note = {Accessed: May 28, 2025},
}

@article{fails-explanation,
  author = {Pedro Orvalho and Mikol{\'{a}}s Janota and Vasco Manquinho},
  title = {CFaults: Model-Based Diagnosis for Fault Localization in {C} Programs
           with Multiple Test Cases},
  journal = {CoRR},
  volume = {abs/2407.09337},
  year = {2024},
  url = {https://doi.org/10.48550/arXiv.2407.09337},
  doi = {10.48550/ARXIV.2407.09337},
  eprinttype = {arXiv},
  eprint = {2407.09337},
  timestamp = {Tue, 17 Sep 2024 09:06:30 +0200},
  biburl = {https://dblp.org/rec/journals/corr/abs-2407-09337.bib},
  bibsource = {dblp computer science bibliography, https://dblp.org},
}

@inproceedings{cbmc-concurrent,
  author = {Ishai Rabinovitz and Orna Grumberg},
  editor = {Kousha Etessami and Sriram K. Rajamani},
  title = {Bounded Model Checking of Concurrent Programs},
  booktitle = {Computer Aided Verification, 17th International Conference, {CAV}
               2005, Edinburgh, Scotland, UK, July 6-10, 2005, Proceedings},
  series = {Lecture Notes in Computer Science},
  volume = {3576},
  pages = {82--97},
  publisher = {Springer},
  year = {2005},
  url = {https://doi.org/10.1007/11513988\_9},
  doi = {10.1007/11513988\_9},
  timestamp = {Tue, 14 May 2019 10:00:43 +0200},
  biburl = {https://dblp.org/rec/conf/cav/RabinovitzG05.bib},
  bibsource = {dblp computer science bibliography, https://dblp.org},
}

@misc{cprover-manual,
  author = {{University of Oxford}},
  title = {The CPROVER Manual},
  howpublished = {\url{https://www.cprover.org/cprover-manual/}},
  note = {Accessed: May 28, 2025},
}

@misc{cbmc-manual,
  author = {Edmund Clarke, Daniel Kroening},
  title = {ANSI-C Bounded Model Checker User Manual},
  howpublished = {\url{ https://www.cprover.org/cbmc/doc/cbmc-techreport.pdf/}},
  note = {Accessed: May 28, 2025},
}

@inproceedings{cbmc-hardware-case,
  author = {Zhilei Han and Fei He},
  editor = {Lieven Eeckhout and Georgios Smaragdakis and Kaitai Liang and Adrian
            Sampson and Martha A. Kim and Christopher J. Rossbach},
  title = {Robustness Verification for Checking Crash Consistency of
           Non-volatile Memory},
  booktitle = {Proceedings of the 30th {ACM} International Conference on
               Architectural Support for Programming Languages and Operating
               Systems, Volume 1, {ASPLOS} 2025, Rotterdam, The Netherlands, 30
               March 2025 - 3 April 2025},
  pages = {955--969},
  publisher = {{ACM}},
  year = {2025},
  url = {https://doi.org/10.1145/3669940.3707269},
  doi = {10.1145/3669940.3707269},
  timestamp = {Mon, 03 Mar 2025 20:58:04 +0100},
  biburl = {https://dblp.org/rec/conf/asplos/Han025.bib},
  bibsource = {dblp computer science bibliography, https://dblp.org},
}

@inproceedings{cbmc-tinyos-case,
  author = {Doina Bucur and Marta Z. Kwiatkowska},
  editor = {Tarek F. Abdelzaher and Thiemo Voigt and Adam Wolisz},
  title = {Software verification for TinyOS},
  booktitle = {Proceedings of the 9th International Conference on Information
               Processing in Sensor Networks, {IPSN} 2010, April 12-16, 2010,
               Stockholm, Sweden},
  pages = {400--401},
  publisher = {{ACM}},
  year = {2010},
  url = {https://doi.org/10.1145/1791212.1791274},
  doi = {10.1145/1791212.1791274},
  timestamp = {Tue, 06 Nov 2018 16:59:08 +0100},
  biburl = {https://dblp.org/rec/conf/ipsn/BucurK10.bib},
  bibsource = {dblp computer science bibliography, https://dblp.org},
}

@inproceedings{cbmc-drivers-case,
  author = {Hendrik Post and Wolfgang K{\"{u}}chlin},
  editor = {Jim Davies and Jeremy Gibbons},
  title = {Integrated Static Analysis for Linux Device Driver Verification},
  booktitle = {Integrated Formal Methods, 6th International Conference, {IFM}
               2007, Oxford, UK, July 2-5, 2007, Proceedings},
  series = {Lecture Notes in Computer Science},
  volume = {4591},
  pages = {518--537},
  publisher = {Springer},
  year = {2007},
  url = {https://doi.org/10.1007/978-3-540-73210-5\_27},
  doi = {10.1007/978-3-540-73210-5\_27},
  timestamp = {Tue, 14 May 2019 10:00:51 +0200},
  biburl = {https://dblp.org/rec/conf/ifm/PostK07.bib},
  bibsource = {dblp computer science bibliography, https://dblp.org},
}

@article{cbmc-ecc-case,
  author = {Keerthi K. and Chester Rebeiro and Aritra Hazra},
  title = {An Algorithmic Approach to Formally Verify an {ECC} Library},
  journal = {{ACM} Trans. Design Autom. Electr. Syst.},
  volume = {23},
  number = {5},
  pages = {63:1--63:26},
  year = {2018},
  url = {https://doi.org/10.1145/3224205},
  doi = {10.1145/3224205},
  timestamp = {Mon, 19 Dec 2022 08:06:53 +0100},
  biburl = {https://dblp.org/rec/journals/todaes/KRH18.bib},
  bibsource = {dblp computer science bibliography, https://dblp.org},
}

@inproceedings{cbmc-prng-case,
  author = {Felix D{\"{o}}rre and Vladimir Klebanov},
  editor = {Edgar R. Weippl and Stefan Katzenbeisser and Christopher Kruegel and
            Andrew C. Myers and Shai Halevi},
  title = {Practical Detection of Entropy Loss in Pseudo-Random Number
           Generators},
  booktitle = {Proceedings of the 2016 {ACM} {SIGSAC} Conference on Computer and
               Communications Security, Vienna, Austria, October 24-28, 2016},
  pages = {678--689},
  publisher = {{ACM}},
  year = {2016},
  url = {https://doi.org/10.1145/2976749.2978369},
  doi = {10.1145/2976749.2978369},
  timestamp = {Sun, 19 Jan 2025 13:26:38 +0100},
  biburl = {https://dblp.org/rec/conf/ccs/DorreK16.bib},
  bibsource = {dblp computer science bibliography, https://dblp.org},
}

@inproceedings{cbmc-equiv-code-generators-case,
  author = {Matthew Staats and Mats Per Erik Heimdahl},
  editor = {Shaoying Liu and T. S. E. Maibaum and Keijiro Araki},
  title = {Partial Translation Verification for Untrusted Code-Generators},
  booktitle = {Formal Methods and Software Engineering, 10th International
               Conference on Formal Engineering Methods, {ICFEM} 2008,
               Kitakyushu-City, Japan, October 27-31, 2008. Proceedings},
  series = {Lecture Notes in Computer Science},
  volume = {5256},
  pages = {226--237},
  publisher = {Springer},
  year = {2008},
  url = {https://doi.org/10.1007/978-3-540-88194-0\_15},
  doi = {10.1007/978-3-540-88194-0\_15},
  timestamp = {Tue, 14 May 2019 10:00:50 +0200},
  biburl = {https://dblp.org/rec/conf/icfem/StaatsH08.bib},
  bibsource = {dblp computer science bibliography, https://dblp.org},
}

@inproceedings{cbmc-equiv-stateflow-case,
  author = {Prahladavaradan Sampath and A. C. Rajeev and S. Ramesh},
  title = {Translation Validation for Stateflow to {C}},
  booktitle = {The 51st Annual Design Automation Conference 2014, {DAC} '14, San
               Francisco, CA, USA, June 1-5, 2014},
  pages = {23:1--23:6},
  publisher = {{ACM}},
  year = {2014},
  url = {https://doi.org/10.1145/2593069.2593237},
  doi = {10.1145/2593069.2593237},
  timestamp = {Sun, 19 Jan 2025 13:34:45 +0100},
  biburl = {https://dblp.org/rec/conf/dac/SampathRR14.bib},
  bibsource = {dblp computer science bibliography, https://dblp.org},
}

@inproceedings{cbmc-vehicles-case,
  author = {Siraj Ahmed Shaikh and Padmanabhan Krishnan},
  editor = {Peter Csaba {\"{O}}lveczky and Cyrille Artho},
  title = {A Framework for Analysing Driver Interactions with Semi-Autonomous
           Vehicles},
  booktitle = {Proceedings First International Workshop on Formal Techniques for
               Safety-Critical Systems, {FTSCS} 2012, Kyoto, Japan, November 12,
               2012},
  series = {{EPTCS}},
  volume = {105},
  pages = {85--99},
  year = {2012},
  url = {https://doi.org/10.4204/EPTCS.105.7},
  doi = {10.4204/EPTCS.105.7},
  timestamp = {Mon, 15 Jun 2020 16:54:35 +0200},
  biburl = {https://dblp.org/rec/journals/corr/abs-1301-0043.bib},
  bibsource = {dblp computer science bibliography, https://dblp.org},
}

@article{cbmc-testing-case1,
  author = {H{\'{e}}ctor D. Men{\'{e}}ndez and Gunel Jahangirova and Federica
            Sarro and Paolo Tonella and David Clark},
  title = {Diversifying Focused Testing for Unit Testing},
  journal = {{ACM} Trans. Softw. Eng. Methodol.},
  volume = {30},
  number = {4},
  pages = {44:1--44:24},
  year = {2021},
  url = {https://doi.org/10.1145/3447265},
  doi = {10.1145/3447265},
  timestamp = {Mon, 26 Jun 2023 20:54:15 +0200},
  biburl = {https://dblp.org/rec/journals/tosem/MenendezJSTC21.bib},
  bibsource = {dblp computer science bibliography, https://dblp.org},
}

@inproceedings{cbmc-testing-case2,
  author = {Damiano Angeletti and Enrico Giunchiglia and Massimo Narizzano and
            Alessandra Puddu and Salvatore Sabina},
  editor = {Roberto Moreno{-}D{\'{\i}}az and Franz Pichler and Alexis Quesada{-}
            Arencibia},
  title = {Automatic Test Generation for Coverage Analysis Using {CBMC}},
  booktitle = {Computer Aided Systems Theory - {EUROCAST} 2009, 12th
               International Conference, Las Palmas de Gran Canaria, Spain,
               February 15-20, 2009, Revised Selected Papers},
  series = {Lecture Notes in Computer Science},
  volume = {5717},
  pages = {287--294},
  publisher = {Springer},
  year = {2009},
  url = {https://doi.org/10.1007/978-3-642-04772-5\_38},
  doi = {10.1007/978-3-642-04772-5\_38},
  timestamp = {Sun, 06 Oct 2024 21:01:18 +0200},
  biburl = {https://dblp.org/rec/conf/eurocast/AngelettiGNPS09.bib},
  bibsource = {dblp computer science bibliography, https://dblp.org},
}

@article{cbmc-wcet-case,
  author = {Martin Becker and Ravindra Metta and R. Venkatesh and Samarjit
            Chakraborty},
  title = {Scalable and precise estimation and debugging of the worst-case
           execution time for analysis-friendly processors: a comeback of model
           checking},
  journal = {Int. J. Softw. Tools Technol. Transf.},
  volume = {21},
  number = {5},
  pages = {515--543},
  year = {2019},
  url = {https://doi.org/10.1007/s10009-018-0497-2},
  doi = {10.1007/S10009-018-0497-2},
  timestamp = {Sun, 19 Jan 2025 14:32:51 +0100},
  biburl = {https://dblp.org/rec/journals/sttt/BeckerMVC19.bib},
  bibsource = {dblp computer science bibliography, https://dblp.org},
}

@article{cbmc-biology-case,
  author = {Arnab Bhattacharyya and Ashutosh Gupta and Lakshmanan Kuppusamy and
            Somya Mani and Ankit Shukla and Mandayam K. Srivas and Mukund Thattai
            },
  title = {A formal methods approach to predicting new features of the
           eukaryotic vesicle traffic system},
  journal = {Acta Informatica},
  volume = {58},
  number = {1-2},
  pages = {57--93},
  year = {2021},
  url = {https://doi.org/10.1007/s00236-019-00357-3},
  doi = {10.1007/S00236-019-00357-3},
  timestamp = {Sun, 19 Jan 2025 14:54:03 +0100},
  biburl = {https://dblp.org/rec/journals/acta/BhattacharyyaGK21.bib},
  bibsource = {dblp computer science bibliography, https://dblp.org},
}

@book{crypto-book,
  author = {William Stallings},
  title = {Cryptography and network security - principles and practice {(3.}
           ed.)},
  publisher = {Prentice Hall},
  year = {2003},
  isbn = {978-0-13-111502-6},
  timestamp = {Thu, 07 Apr 2011 16:15:59 +0200},
  biburl = {https://dblp.org/rec/books/daglib/0008094.bib},
  bibsource = {dblp computer science bibliography, https://dblp.org},
}

@phdthesis{cbmc-comparison,
  author = {Thomas Lemberger},
  title = {Towards cooperative software verification with test generation and
           formal verification},
  school = {Ludwig Maximilian University of Munich, Germany},
  year = {2022},
  url = {https://edoc.ub.uni-muenchen.de/32852/},
  urn = {urn:nbn:de:bvb:19-328522},
  timestamp = {Wed, 24 Jan 2024 08:30:08 +0100},
  biburl = {https://dblp.org/rec/phd/dnb/Lemberger22.bib},
  bibsource = {dblp computer science bibliography, https://dblp.org},
}

@misc{cbmc-slides,
  author = {Daniel Kroening},
  title = {CBMC: Bounded Model Checking for ANSI-C},
  howpublished = {\url{https://www.cprover.org/cbmc/doc/cbmc-slides.pdf}},
  note = {Accessed: May 28, 2025},
}
